[
  {
    "category": "ACTIVE",
    "city": "chicago_midway",
    "event_date": "2026-06-17",
    "condition_id": "0x27943962a563d9c438cb9d4de62153d6845552c40926f9eca6da83b34562e2e5",
    "yes_token_id": "7316563335498730385838767291824523411883612485039640288254670120582119586317",
    "n_trades": 320,
    "earliest_timestamp": 1781572908,
    "latest_timestamp": 1781729657,
    "time_span_days": 1.8142245370370371,
    "sample_trades": [
      {
        "timestamp": 1781729657,
        "price": 0.001,
        "size": 150.0,
        "side": "SELL",
        "asset": "7316563335498730385838767291824523411883612485039640288254670120582119586317"
      },
      {
        "timestamp": 1781729654,
        "price": 0.001,
        "size": 1621.69,
        "side": "SELL",
        "asset": "7316563335498730385838767291824523411883612485039640288254670120582119586317"
      },
      {
        "timestamp": 1781729654,
        "price": 0.001,
        "size": 50.0,
        "side": "BUY",
        "asset": "7316563335498730385838767291824523411883612485039640288254670120582119586317"
      }
    ],
    "rate_limit_issues": false
  },
  {
    "category": "ACTIVE",
    "city": "new_york_city",
    "event_date": "2026-06-17",
    "condition_id": "0xce502b45ecaca8217b75e0bbc415fe021792cd3067b71a877fd4ab7d9ee20000",
    "yes_token_id": "62768491022006966367746735855479484404571738399390756737110244478230122167173",
    "n_trades": 1122,
    "earliest_timestamp": 1781573694,
    "latest_timestamp": 1781738441,
    "time_span_days": 1.9067939814814814,
    "sample_trades": [
      {
        "timestamp": 1781738441,
        "price": 0.999,
        "size": 5.0,
        "side": "SELL",
        "asset": "62768491022006966367746735855479484404571738399390756737110244478230122167173"
      },
      {
        "timestamp": 1781738441,
        "price": 0.999,
        "size": 5.0,
        "side": "BUY",
        "asset": "62768491022006966367746735855479484404571738399390756737110244478230122167173"
      },
      {
        "timestamp": 1781738267,
        "price": 0.999,
        "size": 8.0,
        "side": "SELL",
        "asset": "62768491022006966367746735855479484404571738399390756737110244478230122167173"
      }
    ],
    "rate_limit_issues": false
  },
  {
    "category": "RECENTLY_CLOSED",
    "city": "san_francisco",
    "event_date": "2026-06-16",
    "condition_id": "0xd7ed6eb2e37a51636e95b926711b2fe06ea1b7eab9c36ffd474af0b8b5ca1518",
    "yes_token_id": "97547820151851934385624361795183414202627498313853169182652066594899114029962",
    "n_trades": 162,
    "earliest_timestamp": 1781486614,
    "latest_timestamp": 1781653928,
    "time_span_days": 1.9365046296296295,
    "sample_trades": [
      {
        "timestamp": 1781653928,
        "price": 0.002,
        "size": 15.0,
        "side": "BUY",
        "asset": "97547820151851934385624361795183414202627498313853169182652066594899114029962"
      },
      {
        "timestamp": 1781653918,
        "price": 0.05120389274910504,
        "size": 343.454141,
        "side": "BUY",
        "asset": "97547820151851934385624361795183414202627498313853169182652066594899114029962"
      },
      {
        "timestamp": 1781653918,
        "price": 0.06999958652960994,
        "size": 2.104141,
        "side": "SELL",
        "asset": "97547820151851934385624361795183414202627498313853169182652066594899114029962"
      }
    ],
    "rate_limit_issues": false
  },
  {
    "category": "RECENTLY_CLOSED",
    "city": "los_angeles",
    "event_date": "2026-06-16",
    "condition_id": "0x97ee2026fcf612f5ce6c67a016541db61e367f12656618153d81cd883eacbbfc",
    "yes_token_id": "31045695516170541649868340816580053599816366338902514528700474373479801197184",
    "n_trades": 870,
    "earliest_timestamp": 1781487814,
    "latest_timestamp": 1781683954,
    "time_span_days": 2.270138888888889,
    "sample_trades": [
      {
        "timestamp": 1781683954,
        "price": 0.999,
        "size": 35.96,
        "side": "SELL",
        "asset": "31045695516170541649868340816580053599816366338902514528700474373479801197184"
      },
      {
        "timestamp": 1781683954,
        "price": 0.999,
        "size": 35.96,
        "side": "BUY",
        "asset": "31045695516170541649868340816580053599816366338902514528700474373479801197184"
      },
      {
        "timestamp": 1781683301,
        "price": 0.999,
        "size": 44.19,
        "side": "SELL",
        "asset": "31045695516170541649868340816580053599816366338902514528700474373479801197184"
      }
    ],
    "rate_limit_issues": false
  },
  {
    "category": "OLD_CLOSED",
    "city": "austin",
    "event_date": "2026-03-29",
    "condition_id": "0xc9b444bbbc11a658924047a0dde879acfceabbaac49833ec19e5433174cd9e31",
    "yes_token_id": "82040236806623927311189387894704650848975911336340930598600527810112658803858",
    "n_trades": 1029,
    "earliest_timestamp": 1774502207,
    "latest_timestamp": 1774814306,
    "time_span_days": 3.6122569444444443,
    "sample_trades": [
      {
        "timestamp": 1774814306,
        "price": 0.001,
        "size": 5.0,
        "side": "BUY",
        "asset": "82040236806623927311189387894704650848975911336340930598600527810112658803858"
      },
      {
        "timestamp": 1774814300,
        "price": 0.001,
        "size": 10.0,
        "side": "BUY",
        "asset": "82040236806623927311189387894704650848975911336340930598600527810112658803858"
      },
      {
        "timestamp": 1774814300,
        "price": 0.001,
        "size": 4897.66,
        "side": "BUY",
        "asset": "82040236806623927311189387894704650848975911336340930598600527810112658803858"
      }
    ],
    "rate_limit_issues": false
  },
  {
    "category": "OLD_CLOSED",
    "city": "houston",
    "event_date": "2026-03-27",
    "condition_id": "0xce445a21ad98a0edd9ddcf0f100cc08fa25fb58748a19e52521f63756d9a1509",
    "yes_token_id": "1867624120624290671389950627404220173087725768371120450975508357869679387891",
    "n_trades": 320,
    "earliest_timestamp": 1774396973,
    "latest_timestamp": 1774656177,
    "time_span_days": 3.000046296296296,
    "sample_trades": [
      {
        "timestamp": 1774656177,
        "price": 0.001,
        "size": 50000.0,
        "side": "BUY",
        "asset": "1867624120624290671389950627404220173087725768371120450975508357869679387891"
      },
      {
        "timestamp": 1774656177,
        "price": 0.001,
        "size": 500.0,
        "side": "SELL",
        "asset": "1867624120624290671389950627404220173087725768371120450975508357869679387891"
      },
      {
        "timestamp": 1774656177,
        "price": 0.001,
        "size": 50.0,
        "side": "SELL",
        "asset": "1867624120624290671389950627404220173087725768371120450975508357869679387891"
      }
    ],
    "rate_limit_issues": false
  }
]
